@misc{projects-2023,
	author = {Contributors to Wikimedia projects},
	month = {12},
	title = {{LaTeX/Tables}},
	year = {2023},
	url = {https://en.wikibooks.org/wiki/LaTeX/Tables},
}

@misc{PFGPlots,
	title = {{PGFPlots - A LaTeX package to create plots.}},
	url = {https://pgfplots.sourceforge.net/},
}